<record><leader>00000cas a2200000 i 4500</leader><controlfield tag="001">869482280</controlfield><controlfield tag="008">140130d18481855ohuwr neo     0   a0eng  </controlfield><datafield ind1=" " ind2=" " tag="010"><subfield code="a">  2013271960</subfield></datafield><datafield ind1=" " ind2=" " tag="040"><subfield code="a">DLC</subfield><subfield code="b">eng</subfield><subfield code="e">rda</subfield><subfield code="c">DLC</subfield><subfield code="d">DLC</subfield><subfield code="d">OCLCF</subfield></datafield><datafield ind1="0" ind2=" " tag="022"><subfield code="a">2333-0082</subfield><subfield code="2">1</subfield></datafield><datafield ind1=" " ind2=" " tag="042"><subfield code="a">pcc</subfield><subfield code="a">nsdp</subfield></datafield><datafield ind1=" " ind2=" " tag="043"><subfield code="a">n-us-oh</subfield></datafield><datafield ind1="1" ind2="0" tag="050"><subfield code="a">ISSN RECORD</subfield></datafield><datafield ind1="0" ind2="0" tag="082"><subfield code="a">071</subfield><subfield code="2">23</subfield></datafield><datafield ind1="0" ind2=" " tag="130"><subfield code="a">Belmont chronicle, and farmers, mechanics and manufacturers advocate (Online)</subfield></datafield><datafield ind1=" " ind2="4" tag="222"><subfield code="a">The Belmont chronicle, and farmers, mechanics and manufacturers advocate</subfield><subfield code="b">(Online)</subfield></datafield><datafield ind1="1" ind2="4" tag="245"><subfield code="a">The Belmont chronicle, and farmers, mechanics and manufacturers advocate.</subfield></datafield><datafield ind1="1" ind2="0" tag="246"><subfield code="a">Belmont chronicle</subfield></datafield><datafield ind1=" " ind2="1" tag="264"><subfield code="a">St. Clairsville, Ohio :</subfield><subfield code="b">H. J. Howard and B. R. Cowen</subfield></datafield><datafield ind1=" " ind2=" " tag="300"><subfield code="a">1 online resource</subfield></datafield><datafield ind1=" " ind2=" " tag="310"><subfield code="a">Weekly</subfield></datafield><datafield ind1=" " ind2=" " tag="336"><subfield code="a">text</subfield><subfield code="b">txt</subfield><subfield code="2">rdacontent</subfield></datafield><datafield ind1=" " ind2=" " tag="337"><subfield code="a">computer</subfield><subfield code="b">c</subfield><subfield code="2">rdamedia</subfield></datafield><datafield ind1=" " ind2=" " tag="338"><subfield code="a">online resource</subfield><subfield code="b">cr</subfield><subfield code="2">rdacarrier</subfield></datafield><datafield ind1="1" ind2=" " tag="362"><subfield code="a">Began October 13, 1848; ceased January 26, 1855.</subfield></datafield><datafield ind1=" " ind2=" " tag="500"><subfield code="a">Whig.</subfield></datafield><datafield ind1=" " ind2=" " tag="500"><subfield code="a">Publisher: B. R. Cowen, &lt;January 19, 1855&gt;.</subfield></datafield><datafield ind1=" " ind2=" " tag="588"><subfield code="a">Description based on: New series, vol. 5, no. 15 (January 7, 1853); title from masthead (Chroniclingamerica.loc.gov, viewed January 30, 2014).</subfield></datafield><datafield ind1=" " ind2=" " tag="588"><subfield code="a">Latest issue consulted: New series, vol. 7, no. 15 (January 19, 1855) (Chroniclingamerica.loc.gov, viewed January 30, 2014).</subfield></datafield><datafield ind1=" " ind2="0" tag="651"><subfield code="a">Saint Clairsville (Ohio)</subfield><subfield code="v">Newspapers.</subfield></datafield><datafield ind1=" " ind2="0" tag="651"><subfield code="a">Belmont County (Ohio)</subfield><subfield code="v">Newspapers.</subfield></datafield><datafield ind1=" " ind2="7" tag="655"><subfield code="a">Newspapers.</subfield><subfield code="2">fast</subfield><subfield code="0">(OCoLC)fst01423814</subfield></datafield><datafield ind1=" " ind2="7" tag="651"><subfield code="a">Ohio</subfield><subfield code="z">Belmont County.</subfield><subfield code="2">fast</subfield><subfield code="0">(OCoLC)fst01211219</subfield></datafield><datafield ind1=" " ind2="7" tag="651"><subfield code="a">Ohio</subfield><subfield code="z">Saint Clairsville.</subfield><subfield code="2">fast</subfield><subfield code="0">(OCoLC)fst01222381</subfield></datafield><datafield ind1=" " ind2=" " tag="752"><subfield code="a">United States</subfield><subfield code="b">Ohio</subfield><subfield code="c">Belmont</subfield><subfield code="d">Saint Clairsville.</subfield></datafield><datafield ind1="0" ind2="8" tag="776"><subfield code="i">Originally issued in print:</subfield><subfield code="t">Belmont chronicle, and farmers, mechanics and manufacturers advocate</subfield><subfield code="x">2333-0074</subfield><subfield code="w">(DLC)sn 84028479</subfield><subfield code="w">(OCoLC)11332945</subfield></datafield><datafield ind1="0" ind2="0" tag="780"><subfield code="t">Belmont chronicle (Saint Clairsville, Ohio : 1836 : Online)</subfield></datafield><datafield ind1="0" ind2="0" tag="785"><subfield code="t">Belmont chronicle (Saint Clairsville, Ohio : 1855 : Online)</subfield><subfield code="x">2333-0120</subfield><subfield code="w">(DLC)  2013271959</subfield><subfield code="w">(OCoLC)862972046</subfield></datafield><datafield ind1="4" ind2="0" tag="856"><subfield code="u">http://www.loc.gov/chroniclingamerica/lccn/sn84028479/issues</subfield></datafield></record>